@article{zhang2016colorful,
  title={Colorful image colorization},
  author={Zhang, Richard and Isola, Phillip and Efros, Alexei A},
  journal={European conference on computer vision},
  year={2016},
  publisher={Springer}
}

@misc{zhang2017realtime,
  title={Real-Time User-Guided Image Colorization with Learned Deep Priors},
  author={Zhang, Richard and Zhu, Jun-Yan and Isola, Phillip and Geng, Xinyang and Lin, Angela S. and Yu, Tianhe and Efros, Alexei A.},
  year={2017},
  eprint={1705.02999},
  archivePrefix={arXiv},
  primaryClass={cs.CV},
  url={https://arxiv.org/abs/1705.02999}
}

@article{zeger2021grayscale,
  author = {Z{\v{e}}ger, Ivana and Grgic, Sonja and Vukovi{\'c}, Josip and {\v{S}}i{\v{s}}ul, Gordan},
  title={Grayscale Image Colorization Methods: Overview and Evaluation},
  journal={IEEE Access},
  year={2021},
  volume={9},
  pages={113326--113346},
  doi={10.1109/ACCESS.2021.3104515},
  keywords={Image color analysis; Deep learning; Gray-scale; Image quality; Indexes; Image segmentation; Automatic methods; black-and-white image; colorfulness; colorization; deep learning methods; example-based methods; grayscale image; image quality assessment; scribble-based methods; user-guided methods}
}

@incollection{noaman2022image,
  author = {Noaman, M.H. and Khaled, H. and Faheem, H.M.},
  title = {Image Colorization: A Survey of Methodologies and Techniques},
  booktitle = {Proceedings of the International Conference on Advanced Intelligent Systems and Informatics 2021 (AISI 2021)},
  editor = {Hassanien, A.E. and Snášel, V. and Chang, K.C. and Darwish, A. and Gaber, T.},
  year = {2022},
  publisher = {Springer, Cham},
  series = {Lecture Notes on Data Engineering and Communications Technologies},
  volume = {100},
  pages = {123--133},
  doi = {10.1007/978-3-030-89701-7_11},
  url = {https://doi.org/10.1007/978-3-030-89701-7_11}
}

@inproceedings{agrawal2024image,
  author = {Agrawal, Poorva and Mahajan, Shriniwas and Kadu, Varun and Rakesh, Nitin and Parvathi, R. and Kaur, Gagandeep},
  title = {Image Colorization: Comprehensive Review},
  booktitle = {2024 First International Conference on Technological Innovations and Advance Computing (TIACOMP)},
  year = {2024},
  pages = {529--535},
  doi = {10.1109/TIACOMP64125.2024.00093},
  keywords = {Deep learning; Representation learning; Visualization; Technological innovation; Reviews; Superresolution; Real-time systems; Spatial resolution; Spectral analysis; Residual neural networks; Image colorization; GAN; ANN}
}

@incollection{hertzmann2023image,
  author = {Hertzmann, Aaron and Jacobs, Charles E. and Oliver, Nuria and Curless, Brian and Salesin, David H.},
  title = {Image Analogies},
  booktitle = {Seminal Graphics Papers: Pushing the Boundaries, Volume 2},
  year = {2023},
  publisher = {Association for Computing Machinery},
  pages = {58:1--58:14},
  doi = {10.1145/3596711.3596770},
  url = {https://doi.org/10.1145/3596711.3596770}
}
