@misc{scienceandmediamuseum2020,
  title  = {A short history of colour photography},
  url    = {https://www.scienceandmediamuseum.org.uk/objects-and-stories/history-colour-photography},
  author = {National Science and Media Museum},
  year   = {2020},
  month  = {Jul}
}

@article{vogelsang2024impact,
  author  = {Marin Vogelsang  and Lukas Vogelsang  and Priti Gupta  and Tapan K. Gandhi  and Pragya Shah  and Piyush Swami  and Sharon Gilad-Gutnick  and Shlomit Ben-Ami  and Sidney Diamond  and Suma Ganesh  and Pawan Sinha },
  title   = {Impact of early visual experience on later usage of color cues},
  journal = {Science},
  volume  = {384},
  number  = {6698},
  pages   = {907-912},
  year    = {2024},
  doi     = {10.1126/science.adk9587},
  url     = {https://www.science.org/doi/abs/10.1126/science.adk9587}
}

@misc{cheng2016deepcolorization,
  title         = {Deep Colorization},
  author        = {Zezhou Cheng and Qingxiong Yang and Bin Sheng},
  year          = {2016},
  eprint        = {1605.00075},
  archiveprefix = {arXiv},
  primaryclass  = {cs.CV},
  url           = {https://arxiv.org/abs/1605.00075}
}

@article{zhang2016colorful,
  title     = {Colorful image colorization},
  author    = {Zhang, Richard and Isola, Phillip and Efros, Alexei A},
  journal   = {European conference on computer vision},
  year      = {2016},
  publisher = {Springer}
}
